@article{ahlert_thresholds_2012,
   title        = {Thresholds, productivity, and context. {An} experimental study on determinants of distributive behaviour},
   volume       = {40},
   number       = {4},
   journal      = {Social Choice and Welfare},
   author       = {Ahlert, Marlies and Funke, Katja and Schwettmann, Lars},
   year         = {2012},
   pages        = {957--984}
}

@incollection{arneson_egalitarianism_2002,
   title        = {Egalitarianism},
   url          = {https://seop.illc.uva.nl/entries/egalitarianism/},
   urldate      = {2018-08-05},
   booktitle    = {The {Stanford} encyclopedia of philosophy},
   author       = {Arneson, Richard},
   editor       = {Zalta, Edward},
   year         = {2002}
}

@book{bardsley_experimental_2009,
   address      = {Princeton},
   title        = {Experimental economics. {Rethinking} the rules},
   publisher    = {Princeton Universtiy Press},
   author       = {Bardsley, Nicholas and Cubitt, Robin and Loomes, Graham and Moffatt, Peter and Starmer, Chris and Sugden, Robert},
   year         = {2009}
}

@article{bauer_need_2022,
   title        = {Need, equity, and accountability. {Evidence} on third-party distribution decisions from a vignette study},
   volume       = {59},
   journal      = {Social Choice and Welfare},
   author       = {Bauer, Alexander Max and Meyer, Frauke and Romann, Jan and Siebel, Mark and Traub, Stefan},
   year         = {2022},
   pages        = {769--814}
}

@book{bauer_empirical_2020,
   address      = {Berlin and Boston},
   title        = {Empirical research and normative theory. {Transdisciplinary} perspectives on two methodical traditions between separation and interdependence},
   publisher    = {Walter de Gruyter},
   editor       = {Bauer, Alexander Max and Meyerhuber, Malte Ingo},
   year         = {2020}
}

@book{bauer_philosophie_2019,
   address      = {Berlin and Boston},
   title        = {{Philosophie} zwischen {Sein} und {Sollen}. {Normative} {Theorie} und empirische {Forschung} im {Spannungsfeld}},
   publisher    = {Walter de Gruyter},
   editor       = {Bauer, Alexander Max and Meyerhuber, Malte Ingo},
   year         = {2019}
}

@book{bentham_introduction_2009,
   address      = {Mineola},
   title        = {An introduction to the principles of morals and legislation},
   publisher    = {Dover Publications},
   author       = {Bentham, Jeremy},
   year         = {2009}
}

@techreport{boarini_measures_2006,
   address      = {Paris},
   type         = {OECD Social, Employment and Migration Working Papers},
   title        = {Measures of material deprivation in {OECD} countries},
   number       = {37},
   urldate      = {2016-12-11},
   institution  = {Organisation for Economic Co-Operation and Development},
   author       = {Boarini, Romina and d'Ercole, Marco},
   year         = {2006}
}

@article{bock_hroot_2014,
   title        = {hroot. {Hamburg} registration and organization online tool},
   volume       = {71},
   journal      = {European Economic Review},
   author       = {Bock, Olaf and Baetge, Ingmar and Nicklisch, Andreas},
   year         = {2014},
   pages        = {117--120}
}

@article{brock_needs_2005,
   title        = {Needs and global justice},
   volume       = {57},
   journal      = {Royal Institute of Philosophy Supplements},
   author       = {Brock, Gillian},
   year         = {2005},
   pages        = {51--72}
}

@article{crisp_egalitarianism_2003,
   title        = {Egalitarianism and compassion},
   volume       = {114},
   number       = {1},
   journal      = {Ethics},
   author       = {Crisp, Roger},
   year         = {2003},
   pages        = {119--126}
}

@article{dean_translation_2013,
   title        = {The translation of needs into rights. {Reconceptualising} social citizenship as a global phenomenon},
   volume       = {22},
   number       = {1},
   journal      = {International Journal of Social Welfare},
   author       = {Dean, Hartley},
   year         = {2013},
   pages        = {32--49}
}

@article{deutsch_equity_1975,
   title        = {Equity, equality, and need. {What} determines which value will be used as the basis of distributive justice?},
   volume       = {31},
   number       = {3},
   journal      = {Journal of Social Issues},
   author       = {Deutsch, Morton},
   year         = {1975},
   pages        = {137--149}
}

@incollection{diederich_identifying_2020,
   address      = {Cham},
   title        = {Identifying needs. {The} psychological perspective},
   booktitle    = {Need-based distributive justice. {An} interdisciplinary perspective},
   publisher    = {Springer},
   author       = {Diederich, Adele},
   editor       = {Traub, Stefan and Kittel, Bernhard},
   year         = {2020},
   pages        = {52--90}
}

@article{diederich_need_2020,
   title        = {Need, frames, and time constraints in risky decision-making},
   author       = {Diederich, Adele and Wyszynski, Marc and Traub, Stefan},
   journal      = {Theory and Decision},
   volume       = {89},
   number       = {1},
   year         = {2020},
   pages        = {1--37}
}

@article{doyal_theory_1984,
   title        = {A theory of human needs},
   volume       = {4},
   number       = {10},
   journal      = {Critical Social Policy},
   author       = {Doyal, Len and Gough, Ian},
   year         = {1984},
   pages        = {6--38}
}

@book{esping-andersen_three_1990,
   address      = {Princeton},
   title        = {The three worlds of welfare capitalism},
   publisher    = {Princeton University Press},
   author       = {Esping-Andersen, G{\o}sta},
   year         = {1990}
}

@article{feinberg_noncomparative_1974,
   title        = {Noncomparative justice},
   volume       = {83},
   number       = {3},
   journal      = {The Philosophical Review},
   author       = {Feinberg, Joel},
   year         = {1974},
   pages        = {297--338}
}

@techreport{feld_still_2007,
   address      = {Aix-Marseille},
   title        = {Still a {Director's} law? {On} the political economy of income redistribution},
   institution  = {Institut de Recherche en Economie et Fiscalit{\'e}},
   author       = {Feld, Lars and Schnellenbach, Jan},
   year         = {2007}
}

@article{frankfurt_equality_1987,
   title        = {Equality as a moral ideal},
   volume       = {98},
   number       = {1},
   journal      = {Ethics},
   author       = {Frankfurt, Harry},
   year         = {1987},
   pages        = {21--43}
}

@book{frankfurt_inequality_2015,
   address      = {Princeton},
   title        = {On inequality},
   publisher    = {Princeton University Press},
   author       = {Frankfurt, Harry},
   year         = {2015}
}

@book{frohlich_choosing_1992,
   address      = {Berkeley},
   title        = {Choosing justice. {An} experimental approach to ethical theory},
   publisher    = {University of California Press},
   author       = {Frohlich, Norman and Oppenheimer, Joe},
   year         = {1992}
}

@article{frohlich_choices_1987,
   title        = {Choices of principles of distributive justice in experimental groups},
   volume       = {31},
   number       = {3},
   journal      = {American Journal of Political Science},
   author       = {Frohlich, Norman and Oppenheimer, Joe and Eavey, Cheryl},
   year         = {1987},
   pages        = {606--636}
}

@book{gaertner_empirical_2012,
   address      = {Cambridge},
   title        = {Empirical social choice. {Questionnaire}-experimental studies on distributive justice},
   publisher    = {Cambridge University Press},
   author       = {Gaertner, Wulf and Schokkaert, Erik},
   year         = {2012}
}

@incollection{gasper_needs_2005,
   address      = {London},
   title        = {Needs and human rights},
   booktitle    = {The essentials of human rights},
   publisher    = {Hodder Arnold},
   author       = {Gasper, Des},
   editor       = {Smith, Rhona and van den Anker, Christien},
   year         = {2005},
   pages        = {269--272}
}

@article{geary_note_1950,
   title        = {A note on ``{A} constant-utility index of the cost of living''},
   volume       = {18},
   number       = {1},
   journal      = {Review of Economic Studies},
   author       = {Geary, Roy},
   year         = {1950},
   pages        = {65--66}
}

@article{jasso_justice_1978,
   title        = {On the justice of earnings. {A} new specification of the justice evaluation function},
   volume       = {83},
   number       = {6},
   journal      = {American Journal of Sociology},
   author       = {Jasso, Guillermina},
   year         = {1978},
   pages        = {1398--1419}
}

@article{jasso_methods_1990,
   title        = {Methods for the theoretical and empirical analysis of comparison processes},
   volume       = {20},
   journal      = {Sociological Methodology},
   author       = {Jasso, Guillermina},
   year         = {1990},
   pages        = {369--419}
}

@incollection{jasso_is_2020,
   address      = {Berlin and Boston},
   title        = {Is and ought. {From} ideas to theory to empirics},
   booktitle    = {Empirical research and normative theory. {Transdisciplinary} perspectives on two methodical traditions between separation and interdependence},
   publisher    = {Walter de Gruyter},
   author       = {Jasso, Guillermina},
   editor       = {Bauer, Alexander Max and Meyerhuber, Malte Ingo},
   year         = {2020},
   pages        = {105--127}
}

@book{kipnis_economic_1985,
   address      = {Totowa},
   title        = {Economic justice. {Private} rights and public responsibilities},
   publisher    = {Rowman \& Allanheld},
   editor       = {Kipnis, Kenneth and Meyers, Diana},
   year         = {1985}
}

@article{konow_fair_2001,
   title        = {Fair and square. {The} four sides of distributive justice},
   volume       = {46},
   number       = {2},
   journal      = {Journal of Economic Behavior \& Organization},
   author       = {Konow, James},
   year         = {2001},
   pages        = {137--164},
}

@article{konow_which_2003,
   title        = {Which is the fairest one of all? {A} positive analysis of justice theories},
   volume       = {41},
   number       = {4},
   journal      = {Journal of Economic Literature},
   author       = {Konow, James},
   year         = {2003},
   pages        = {1188--1239}
}

@article{konow_is_2009,
   title        = {Is fairness in the eye of the beholder? {An} impartial spectator analysis of justice},
   volume       = {33},
   number       = {1},
   journal      = {Social Choice and Welfare},
   author       = {Konow, James},
   year         = {2009},
   pages        = {101--127}
}

@manual{limesurvey_project_team_limesurvey_2020,
   title        = {{LimeSurvey}. {An} open source survey tool},
   author       = {LimeSurvey},
   year         = {2020},
   address      = {Hamburg},
   organization = {LimeSurvey Project},
   note         = {\url{https://www.limesurvey.org}}
}

@article{mickes_strong_2011,
   title        = {Strong memories are hard to scale},
   volume       = {140},
   number       = {2},
   journal      = {Journal of Experimental Psychology},
   author       = {Mickes, Laura and Hwe, Vivian and Wais, Peter and Wixted, John},
   year         = {2011},
   pages        = {239--257}
}

@book{mill_utilitarianism_1998,
   address      = {New York and Oxford},
   title        = {Utilitarianism},
   publisher    = {Oxford University Press},
   author       = {Mill, John},
   year         = {1998}
}

@book{miller_principles_1999,
   address      = {Cambridge and London},
   title        = {Principles of social justice},
   publisher    = {Harvard University Press},
   author       = {Miller, David},
   year         = {1999}
}

@incollection{miller_distributive_2017,
   address      = {Oxford},
   title        = {Distributive justice. {What} the people think},
   booktitle    = {Distributive justice},
   publisher    = {Routledge},
   author       = {Miller, David},
   editor       = {Lamont, Julian},
   year         = {2017},
   pages        = {135--174}
}

@incollection{miller_needs-based_2020,
   address      = {Berlin and Boston},
   title        = {Needs-based justice. {Theory} and evidence},
   booktitle    = {Empirical research and normative theory. {Transdisciplinary} perspectives on two methodical traditions between separation and interdependence},
   publisher    = {Walter de Gruyter},
   author       = {Miller, David},
   editor       = {Bauer, Alexander Max and Meyerhuber, Malte Ingo},
   year         = {2020},
   pages        = {273--294}
}

@article{mortensen_additive_2002,
   title        = {Additive noise, {Weibull} functions and the approximation of psychometric functions},
   volume       = {42},
   issue.       = {20},
   journal      = {Vision Research},
   author       = {Mortensen, Uwe},
   year         = {2002},
   pages        = {2371--2393}
}

@book{nozick_anarchy_1974,
   address      = {New York},
   title        = {Anarchy, state, and utopia},
   publisher    = {Basic Books},
   author       = {Nozick, Robert},
   year         = {1974}
}

@article{nussbaum_human_1992,
   title        = {Human functioning and social justice. {In} defense of {Aristotelian} essentialism},
   volume       = {20},
   number       = {2},
   journal      = {Political Theory},
   author       = {Nussbaum, Martha},
   year         = {1992},
   pages        = {202--246}
}

@techreport{pamp_soaking_2010,
   title        = {Soaking the rich and the poor? {An} empirical investigation of {Director}'s law},
   institution  = {Center for Social Policy Research, University of Bremen},
   author       = {Pamp, Oliver and Mohl, Philipp},
   year         = {2010}
}

@article{parfit_equality_1997,
   title        = {Equality and priority},
   volume       = {10},
   number       = {3},
   journal      = {Ratio},
   author       = {Parfit, Derek},
   year         = {1997},
   pages        = {202--221}
}

@book{raz_morality_1986,
   address      = {Oxford},
   title        = {The morality of freedom},
   publisher    = {Clarendon Press},
   author       = {Raz, Joseph},
   year         = {1986}
}

@incollection{renzo_human_2015,
   address      = {New York and Oxford},
   title        = {Human needs, human rights},
   booktitle    = {Philosophical foundations of human rights},
   publisher    = {Oxford University Press},
   author       = {Renzo, Massimo},
   editor       = {Cruft, Rowan and Liao, Matthew and Renzo, Massimo},
   year         = {2015},
   pages        = {570--587}
}

@article{schramme_is_2006,
   title        = {Is {Rawlsian} justice bad for the environment?},
   volume       = {28},
   issue        = {2},
   journal      = {Analyse \& Kritik},
   author       = {Schramme, Thomas},
   year         = {2006},
   pages        = {145--156}
}

@incollection{schwinger_just_1980,
   location     = {New York},
   title        = {Just allocation of goods. {Decisions} among three principles},
   booktitle    = {Justice and social interaction},
   publisher    = {Springer},
   author       = {Schwinger, Thomas},
   editor       = {Mikula, Gerold},
   year         = {1980},
   pages        = {95--125}
}

@article{seidl_how_1994,
   title        = {How sensible is the {Leyden} individual welfare function of income?},
   volume       = {38},
   number       = {8},
   journal      = {European Economic Review},
   author       = {Seidl, Christian},
   year         = {1994},
   pages        = {1633--1659}
}

@techreport{siebel_each_2017,
   type         = {FOR 2104 Working Paper},
   title        = {To each according to his needs. {Measuring} need-based justice},
   number       = {2017-14},
   author       = {Siebel, Mark},
   year         = {2017}
}

@incollection{siebel_need_2020,
   address      = {Cham},
   title        = {Need-based justice from the perspective of philosophy},
   publisher    = {Springer},
   author       = {Siebel, Mark and Schramme, Thomas},
   editor       = {Traub, Stefan and Kittel, Bernhard},
   year         = {2020},
   booktitle    = {Need-based distributive justice. {An} interdisciplinary perspective},
   pages        = {21--51}
}

@book{smith_wealth_1979,
   location     = {Oxford},
   title        = {An Inquiry into the nature and causes of the wealth of nations},
   publisher    = {Clarendon Press},
   author       = {Smith, Adam},
   year         = {1979}
}

@article{springhorn_measurement_2022,
   title        = {On the measurement of need-based justice},
   volume       = {38},
   number       = {3},
   journal      = {Economics \& Philosophy},
   author       = {Springhorn, Nils},
   year         = {2022},
   pages        = {466--500}
}

@article{stigler_directors_1970,
   title        = {Director's law of public income redistribution},
   volume       = {13},
   number       = {1},
   journal      = {The Journal of Law and Economics},
   author       = {Stigler, George},
   year         = {1970},
   pages        = {1--10}
}

@article{stone_linear_1954,
   title        = {Linear expenditure systems and demand analysis. {An} application to the pattern of {British} demand},
   volume       = {64},
   number       = {255},
   journal      = {Economic Journal},
   author       = {Stone, Richard},
   year         = {1954},
   pages        = {511--527}
}

@book{temkin_inequality_1993,
   address      = {New York and Oxford},
   title        = {Inequality},
   publisher    = {Oxford University Press},
   author       = {Temkin, Larry},
   year         = {1993}
}

@book{traub_need-based_2020,
   address      = {Cham},
   title        = {Need-based distributive justice. {An} interdisciplinary perspective},
   publisher    = {Springer},
   editor       = {Traub, Stefan and Kittel, Bernhard},
   year         = {2020}
}

@article{traub_friedman_2005,
   title        = {Friedman, {Harsanyi}, {Rawls}, {Boulding}---or somebody else? {An} experimental investigation of distributive justice},
   volume       = {24},
   number       = {2},
   journal      = {Social Choice and Welfare},
   author       = {Traub, Stefan and Seidl, Christian and Schmidt, Ulrich and Levati, Maria},
   year         = {2005},
   pages        = {283--309}
}

@article{treutwein_adaptive_1995,
   title        = {Adaptive psychophysical procedures},
   volume       = {35},
   number       = {17},
   journal      = {Vision Research},
   author       = {Treutwein, Bernhard},
   year         = {1995},
   pages        = {2503--2522}
}

@book{van_praag_individual_1968,
   address      = {Amsterdam},
   title        = {Individual welfare functions and consumer behavior. {A} theory of rational irrationality},
   publisher    = {North-Holland},
   author       = {van Praag, Bernard},
   year         = {1968}
}

@article{van_praag_welfare_1971,
   title        = {The welfare function of income in {Belgium}. {An} empirical investigation},
   volume       = {2},
   number       = {3},
   journal      = {European Economic Review},
   author       = {van Praag, Bernard},
   year         = {1971},
   pages        = {337--369}
}

@article{wagstaff_equity_1994,
   title        = {Equity, equality, and need. {Three} principles of justice or one?},
   volume       = {13},
   number       = {2},
   journal      = {Current Psychology},
   author       = {Wagstaff, Graham},
   year         = {1994},
   pages        = {138--152}
}

@book{weale_political_1984,
   address      = {London and Basingstoke},
   title        = {Political theory and social policy},
   publisher    = {Macmillan},
   author       = {Weale, Albert},
   year         = {1984}
}

@article{wichmann_psychometric_2001,
   title        = {The psychometric function. {I}. {Fitting}, sampling, and goodness of fit},
   volume       = {63},
   number       = {8},
   journal      = {Perception and Psychophysics},
   author       = {Wichmann, Felxi and Hill, Jeremy},
   year         = {2001},
   pages        = {1293--1313}
}

@article{yaari_dividing_1984,
   title        = {On dividing justly},
   volume       = {1},
   number       = {1},
   journal      = {Social Choice and Welfare},
   author       = {Yaari, Menahem and Bar-Hillel, Maya},
   year         = {1984},
   pages        = {1--24}
}
